% This file was created with JabRef 2.3.1.
% Encoding: Cp1252

@BOOK{FRACASSO,
    title = {Navegação Reativa de Robôs Móveis Autônomos Utilizando Lógica Nebulosa com Regras Ponderadas},
    year = {2005},
    author = "FRACASSO, PAULO T. and COSTA, ANNA H.R."
}

@BOOK{MENDONCA,
    title = {Autonomous Navigation System Using Event Driven-Fuzzy Cognitive Maps},
    year = {2010},
    author = "MENDONÇA, M. and ARRUDA, L.V.R. and NEVES, F."
}

@BOOK{FCMENDONCA,
    title = {Uma Contribuição ao Desenvolvimento de Sistemas Inteligentes Utilizando Redes Cognitivas Dinâmicas},
    year = {2011},
    author = "MENDONÇA, M."
}

@BOOK{MAMDANI,
    title = {An experiment in linguistic synthesis with a fuzzy logic controller, International Journal of Man-Machine Studies Vol. 7, 1-13},
    year = {1975},
    author = "MAMDAMI, E.H. and S. Assilian"
}

@BOOK{GROUMPOS,
    title = {Modelling supervisory control systems using fuzzy cognitive maps},
    year = {2000},
    author = "GROUMPOS, PETER P. and Stylios, CHRYSOSTOMOS D."
}

@BOOK{KOSKO,
    title = {Fuzzy cognitive maps},
    year = {1986},
    author = "KOSKO, B."
}

International Journal Man-Machine Studies


@BOOK{BELLATOR,
    title = {Desenvolvimento do Projeto Bellator},
    year = {2010},
    address = {Curitiba},
    author = "MARIN, A.J. and WEINGRABER, B. and PAIVA, L.C. and WERGRZN, Y.A."
}

@MISC{FUZZYLOGIC,
    author = {WIKIPEDIA},
    title = {Fuzzy Logic},
    year = {2011},
    timestamp = {2011.07.29},
    url = {http://en.wikipedia.org/wiki/Fuzzy\_logic},
    urlaccessdate = {29 de julho de 2011}
}

@MISC{FUZZYLOGICTUTORIAL,
    author = {Kaehler},
    title = {Fuzzy Logic Tutorial},
    year = {1998},
    timestamp = {1998.03.01},
    url = {http://www.seattlerobotics.org/encoder/mar98/fuz/flindex.html},
    urlaccessdate = {30 de julho de 2011}
}

@MISC{DATASHEETSENSOR,
    author = {SHARP CORPORATION},
    title = {GP2Y0A02F98YK Datasheet},
    url = {http://document.sharpsma.com/files/gp2y0a02yk\_e.pdf},
    urlaccessdate = {1 de Agosto de 2011}
}

@MISC{DATASHEETKIT,
    author = {SILICON LABORATORIES},
    title = {C8051F340DK Datasheet},
    url = {http://datasheet.octopart.com/C8051F340DK-Silicon-Laboratories-datasheet-9512.pdf},
    urlaccessdate = {1 de Agosto de 2011}
}

@MISC{DATASHEETTS,
    author = {EMBEDDED ARM},
    title = {TS-7260 Datasheet},
    year = {2012},
    timestamp = {2012.01.16},
    url = {http://www.embeddedarm.com/documentation/ts-7260-datasheet.pdf},
    urlaccessdate = {16 de Janeiro de 2012}
}

@MISC{TSMANUAL,
    author = {EMBEDDED ARM},
    title = {TS-7260 Hardware Manual},
    year = {2012},
    timestamp = {2012.01.16},
    url = {http://www.embeddedarm.com/documentation/ts-7260-manual.pdf},
    urlaccessdate = {16 de Janeiro de 2012}
}

@MISC{X80,
    author = {DOCTORROBOT},
    title = {X80 Robot},
    year = {2012},
    timestamp = {2012.02.06},
    url = {http://www.drrobot.com/products\_item.asp?itemNumber=x80},
    urlaccessdate = {06 de Fevereiro de 2012}
}

@BOOK{ZADEH,
    author = {L. A. Zadeh},
    title = {Fuzzy Sets*. Information and Control 8, 338-353},
    year = {1965}
}

@BOOK{PEDRYCZ,
    author = {W. Pedrycz, F. Gomide},
    title = {Fuzzy Systems Engineering: toward human-centric computing},
    year = {2007}
}
